
##################### R general INFORMATION #####################

@Manual{R,
    title = {R: A Language and Environment for Statistical Computing},
    author = {{R Core Team}},
    organization = {R Foundation for Statistical Computing},
    address = {Vienna, Austria},
    year = {2016},
    url = {https://www.R-project.org/},
  }
@article{CienciaReproducible2016,
  doi = {10.7818/ecos.2016.25-2.11},
  url = {http://dx.doi.org/10.7818/ECOS.2016.25-2.11},
  year  = {2016},
  month = {aug},
  publisher = {Asociacion Espa{\~{n}}ola de Ecologia Terrestre ({AEET})},
  volume = {25},
  number = {2},
  pages = {83--92},
  author = {Francisco Rodr{\'{\i}}guez-Sanchez and Antonio Jes{\'{u}}s P{\'{e}}rez-Luque and Ignasi Bartomeus and Sara Varela},
  title = {Ciencia reproducible: {\textquestiondown}qu{\'{e}},  por qu{\'{e}},  c{\'{o}}mo?},
  journal = {{ECOS}}
}
@Manual{Hmisc,
	title = {Hmisc: Harrell Miscellaneous},
	author = {Frank E {Harrell Jr} and with contributions from Charles Dupont and many others.},
	year = {2016},
	note = {http://biostat.mc.vanderbilt.edu/Hmisc, https://github.com/harrelfe/Hmisc},
	url = {http://biostat.mc.vanderbilt.edu/wiki/Main/Hmisc},
}
@Article{limma,
  	author = {Matthew E Ritchie and Belinda Phipson and Di Wu and Yifang Hu and Charity W Law and Wei Shi and Gordon K Smyth},
  	title = {{limma} powers differential expression analyses for {RNA}-sequencing and microarray studies},
  	journal = {Nucleic Acids Research},
  	year = {2015},
  	volume = {43},
  	number = {7},
  	pages = {e47},
}
@Article{Biobase,
	author = {{Huber} and {W.} and {Carey} and V. J. and {Gentleman} and {R.} and {Anders} and {S.} and {Carlson} and {M.} and {Carvalho} and B. S. and {Bravo} and H. C. and {Davis} and {S.} and {Gatto} and {L.} and {Girke} and {T.} and {Gottardo} and {R.} and {Hahne} and {F.} and {Hansen} and K. D. and {Irizarry} and R. A. and {Lawrence} and {M.} and {Love} and M. I. and {MacDonald} and {J.} and {Obenchain} and {V.} and {{Ole's}} and A. K. and {{Pag`es}} and {H.} and {Reyes} and {A.} and {Shannon} and {P.} and {Smyth} and G. K. and {Tenenbaum} and {D.} and {Waldron} and {L.} and {Morgan} and {M.}},
	title = {{O}rchestrating high-throughput genomic analysis with {B}ioconductor},
	journal = {Nature Methods},
	year = {2015},
	volume = {12},
	number = {2},
	pages = {115--121},
	url = {http://www.nature.com/nmeth/journal/v12/n2/full/nmeth.3252.html},
}
@Manual{genefilter,
    title = {genefilter: genefilter: methods for filtering genes from high-throughput
experiments},
    author = {R. Gentleman and V. Carey and W. Huber and F. Hahne},
    year = {2016},
    note = {R package version 1.54.2},
  }
@Manual{gplots,
    title = {gplots: Various R Programming Tools for Plotting Data},
    author = {Gregory R. Warnes and Ben Bolker and Lodewijk Bonebakker and Robert Gentleman and Wolfgang Huber Andy Liaw and Thomas Lumley and Martin Maechler and Arni Magnusson and Steffen Moeller and Marc Schwartz and Bill Venables},
    year = {2016},
    note = {R package version 3.0.1},
    url = {https://CRAN.R-project.org/package=gplots},
  }
@article{Gaujoux2010NMF,
  doi = {10.1186/1471-2105-11-367},
  url = {http://dx.doi.org/10.1186/1471-2105-11-367},
  year  = {2010},
  publisher = {Springer Nature},
  volume = {11},
  number = {1},
  pages = {367},
  author = {Renaud Gaujoux and Cathal Seoighe},
  title = {A flexible R package for nonnegative matrix factorization},
  journal = {{BMC} Bioinformatics}
}
@Manual{dplyr,
    title = {dplyr: A Grammar of Data Manipulation},
    author = {Hadley Wickham and Romain Francois},
    year = {2016},
    note = {R package version 0.5.0},
    url = {https://CRAN.R-project.org/package=dplyr},
  }
@Book{ggplot2,
    author = {Hadley Wickham},
    title = {ggplot2: Elegant Graphics for Data Analysis},
    publisher = {Springer-Verlag New York},
    year = {2009},
    isbn = {978-0-387-98140-6},
    url = {http://ggplot2.org},
  }
@Manual{ggrepel,
    title = {ggrepel: Repulsive Text and Label Geoms for 'ggplot2'},
    author = {Kamil Slowikowski},
    note = {R package version 0.5.1},
    url = {http://github.com/slowkow/ggrepel},
  }
@Manual{Rmisc,
    title = {Rmisc: Rmisc: Ryan Miscellaneous},
    author = {Ryan M. Hope},
    year = {2013},
    note = {R package version 1.5},
    url = {https://CRAN.R-project.org/package=Rmisc},
  }
@Manual{rmarkdown,
	title = {rmarkdown: Dynamic Documents for R},
	author = {JJ Allaire and Joe Cheng and Yihui Xie and Jonathan McPherson and Winston Chang and Jeff Allen and Hadley Wickham and Aron Atkins and Rob Hyndman},
	note = {R package version 1.0.9010},
	url = {http://rmarkdown.rstudio.com},
}
@article{knitr,
	title={knitr: A general-purpose Tool for dynamic report generation in R},
	author={Xie, Yihui},
	journal={R package version},
	volume={1},
	number={1},
	year={2013},
	url = {http://yihui.name/knitr/}
}
@Manual{rstudio,
	title = {RStudio: Integrated Development Environment for R},
	author = {{RStudio Team}},
	organization = {RStudio, Inc.},
	address = {Boston, MA},
	year = {2015},
	url = {http://www.rstudio.com/},
}






##################### malaria INFORMATION #####################




####### SEVERE MALARIA

@article{WHOsevere2014,
  author= {WHO},
  doi = {10.1111/tmi.12313_2},
  url = {http://dx.doi.org/10.1111/tmi.12313_2},
  year  = {2014},
  month = {sep},
  publisher = {Wiley-Blackwell},
  volume = {19},
  pages = {7--131},
  title = {Severe Malaria},
  journal = {Trop Med Int Health}
}




####### REVIEWS on TECHNOLOGY AND PROBLEM

@article{Davies2015Large,
  doi = {10.1016/j.vaccine.2015.09.059},
  url = {http://dx.doi.org/10.1016/j.vaccine.2015.09.059},
  year  = {2015},
  month = {dec},
  publisher = {Elsevier {BV}},
  volume = {33},
  number = {52},
  pages = {7496--7505},
  author = {D. Huw Davies and Patrick Duffy and Jean-Luc Bodmer and Philip L. Felgner and Denise L. Doolan},
  title = {Large screen approaches to identify novel malaria vaccine candidates},
  journal = {Vaccine}
}

@article{elliott2014serological,
  title={Research priorities for the development and implementation of serological tools for malaria surveillance},
  author={Elliott, Salenna R and Fowkes, FJ and Richards, Jack S and Reiling, Linda and Drew, Damien R and Beeson, James G},
  journal={F1000Prime Rep},
  volume={6},
  pages={100},
  year={2014}
}





####### RESEARCH with PROTEIN MICROARRAY

@article{crompton2010,
  title={A prospective analysis of the Ab response to Plasmodium falciparum before and after a malaria season by protein microarray},
  author={Crompton, Peter D and Kayala, Matthew A and Traore, Boubacar and Kayentao, Kassoum and Ongoiba, Aissata and Weiss, Greta E and Molina, Douglas M and Burk, Chad R and Waisberg, Michael and Jasinskas, Algis and others},
  journal={Proceedings of the National Academy of Sciences},
  volume={107},
  number={15},
  pages={6958--6963},
  year={2010},
  publisher={National Acad Sciences}
}



######## DATA DE PERU

@article{Torres2014asymptomatic,
  doi = {10.1093/infdis/jiu614},
  url = {http://dx.doi.org/10.1093/infdis/jiu614},
  year  = {2014},
  month = {nov},
  publisher = {Oxford University Press ({OUP})},
  author = {K. J. Torres and C. E. Castrillon and E. L. Moss and M. Saito and R. Tenorio and D. M. Molina and H. Davies and D. E. Neafsey and P. Felgner and J. M. Vinetz and D. Gamboa},
  title = {Genome-Level Determination of Plasmodium falciparum Blood-Stage Targets of Malarial Clinical Immunity in the Peruvian Amazon},
  journal = {Journal of Infectious Diseases}
}
@article{King2015FOC,
  doi = {10.4269/ajtmh.15-0037},
  url = {http://dx.doi.org/10.4269/ajtmh.15-0037},
  year  = {2015},
  month = {aug},
  publisher = {American Society of Tropical Medicine and Hygiene},
  volume = {93},
  number = {3 Suppl},
  pages = {16--27},
  author = {C. L. King and D. H. Davies and P. Felgner and E. Baum and A. Jain and A. Randall and K. Tetteh and C. J. Drakeley and B. Greenhouse},
  title = {Biosignatures of Exposure/Transmission and Immunity},
  journal = {American Journal of Tropical Medicine and Hygiene}
}
@article{chuquiyauri2015vivax,
  title={Genome-scale protein microarray comparison of human antibody responses in Plasmodium vivax relapse and reinfection},
  author={Chuquiyauri, Raul and Molina, Douglas M and Moss, Eli L and Wang, Ruobing and Gardner, Malcolm J and Brouwer, Kimberly C and Torres, Sonia and Gilman, Robert H and Llanos-Cuentas, Alejandro and Neafsey, Daniel E and others},
  journal={The American journal of tropical medicine and hygiene},
  volume={93},
  number={4},
  pages={801--809},
  year={2015},
  publisher={ASTMH}
}



###### CUATRO recientes articulos con DEFINICIONES

@article{Helb2015exposure,
	doi = {10.1073/pnas.1501705112},
	url = {http://dx.doi.org/10.1073/pnas.1501705112},
	year  = {2015},
	month = {jul},
	publisher = {Proceedings of the National Academy of Sciences},
	volume = {112},
	number = {32},
	pages = {E4438--E4447},
	author = {Danica A. Helb and Kevin K. A. Tetteh and Philip L. Felgner and Jeff Skinner and Alan Hubbard and Emmanuel Arinaitwe and Harriet Mayanja-Kizza and Isaac Ssewanyana and Moses R. Kamya and James G. Beeson and Jordan Tappero and David L. Smith and Peter D. Crompton and Philip J. Rosenthal and Grant Dorsey and Christopher J. Drakeley and Bryan Greenhouse},
	title = { Novel serologic biomarkers provide accurate estimates of recent Plasmodium falciparum exposure for individuals and communities },
	journal = {Proceedings of the National Academy of Sciences}
}
@article{Arama2015genetic,
	doi = {10.1093/ofid/ofv118},
	url = {http://dx.doi.org/10.1093/ofid/ofv118},
	year  = {2015},
	month = {aug},
	publisher = {Oxford University Press ({OUP})},
	volume = {2},
	number = {3},
	pages = {ofv118},
	author = {Charles Arama and Jeff Skinner and Didier Doumtabe and Silvia Portugal and Tuan M. Tran and Aarti Jain and Boubacar Traore and Ogobara K. Doumbo and David Huw Davies and Marita Troye-Blomberg and Amagana Dolo and Philip L. Felgner and Peter D. Crompton},
	title = { Genetic Resistance to Malaria Is Associated With Greater Enhancement of Immunoglobulin (Ig)M Than {IgG} Responses to a Broad Array of Plasmodium falciparum Antigens },
	journal = {Open Forum Infect Dis}
}
@article{Campo2014rts,
	doi = {10.1074/mcp.m114.044677},
	url = {http://dx.doi.org/10.1074/mcp.M114.044677},
	year  = {2014},
	month = {dec},
	publisher = {American Society for Biochemistry {\&} Molecular Biology ({ASBMB})},
	volume = {14},
	number = {3},
	pages = {519--531},
	author = {Joe J. Campo and John J. Aponte and Jeff Skinner and Rie Nakajima and Douglas M. Molina and Li Liang and Jahit Sacarlal and Pedro L. Alonso and Peter D. Crompton and Philip L. Felgner and Carlota Doba{\~{n}}o},
	title = { {RTS}, S Vaccination Is Associated With Serologic Evidence of Decreased Exposure to Plasmodium falciparum Liver- and Blood-Stage Parasites },
	journal = {Mol Cell Proteomics}
}
@article{Skinner2015gametocyte,
	doi = {10.1128/iai.00644-15},
	url = {http://dx.doi.org/10.1128/IAI.00644-15},
	year  = {2015},
	month = {aug},
	publisher = {American Society for Microbiology},
	volume = {83},
	number = {11},
	pages = {4229--4236},
	author = {Jeff Skinner and Chiung-Yu Huang and Michael Waisberg and Philip L. Felgner and Ogobara K. Doumbo and Aissata Ongoiba and Kassoum Kayentao and Boubacar Traore and Peter D. Crompton and Kim C. Williamson},
	editor = {J. H. Adams},
	title = {Plasmodium falciparum Gametocyte-Specific Antibody Profiling Reveals Boosting through Natural Infection and Identifies Potential Markers of Gametocyte Exposure},
	journal = {Infection and Immunity}
}






####### DISCUSSION with MALARIA IMMUNOLOGY

@article{ObengAdjei2015imparedBcell,
	doi = {10.1016/j.celrep.2015.09.004},
	url = {http://dx.doi.org/10.1016/j.celrep.2015.09.004},
	year  = {2015},
	month = {oct},
	publisher = {Elsevier {BV}},
	volume = {13},
	number = {2},
	pages = {425--439},
	author = {Nyamekye Obeng-Adjei and Silvia Portugal and Tuan~M. Tran and Takele~B. Yazew and Jeff Skinner and Shanping Li and Aarti Jain and Philip~L. Felgner and Ogobara~K. Doumbo and Kassoum Kayentao and Aissata Ongoiba and Boubacar Traore and Peter~D. Crompton},
	title = {Circulating Th1-Cell-type Tfh Cells that Exhibit Impaired B Cell Help Are Preferentially Activated during Acute Malaria in Children},
	journal = {Cell Reports}
}